% Bibfile

@article{Schneider2016,
	Author = {Michael Schneider},
	Journal = {European Journal of Operational Research},
	Pages = {101--119},
	Title = {The vehicle-routing problem with time windows and driver-specific times},
	Volume = {250},
	Year = {2016}
	}

