% Bibfile

@article{Schneider2016,
	Author = {Michael Schneider},
	Journal = {European Journal of Operational Research},
	Pages = {101--119},
	Title = {The vehicle-routing problem with time windows and driver-specific times},
	Volume = {250},
	Year = {2016}
	}

@article{Coelho2016,
author = {Coelho, V. N. and Grasas, A. and Ramalhinho, H. and Coelho, I. M. and Souza, M. J F and Cruz, R. C.},
journal = {European Journal of Operational Research},
number = {2},
pages = {367--376},
publisher = {Elsevier B.V.},
title = {{An ILS-based algorithm to solve a large-scale real heterogeneous fleet VRP with multi-trips and docking constraints}},
volume = {250},
year = {2016}
}



@article{Laporte1992,
author = {Laporte, Gilbert},
journal = {European Journal of Operational Research},
number = {2},
pages = {231--247},
title = {{The traveling salesman problem: An overview of exact and approximate algorithms}},
volume = {59},
year = {1992}
}



@article{Hiermann2016,
author = {Hiermann, Gerhard and Puchinger, Jakob and Ropke, Stefan and Hartl, Richard F.},
journal = {European Journal of Operational Research},
number = {3},
pages = {995--1018},
publisher = {Elsevier B.V.},
title = {{The Electric Fleet Size and Mix Vehicle Routing Problem with Time Windows and Recharging Stations}},
volume = {252},
year = {2016}
}




@article{Lin2014,
author = {Lin, Canhong and Choy, K. L. and Ho, G. T.S. and Chung, S. H. and Lam, H. Y.},
journal = {Expert Systems with Applications},
number = {4 PART 1},
pages = {1118--1138},
title = {{Survey of Green Vehicle Routing Problem: Past and future trends}},
volume = {41},
year = {2014}
}



@article{Zhang2018,
author = {Zhang, Shuai and Gajpal, Yuvraj and Appadoo, S. S. and Abdulkader, M. M.S.},
journal = {International Journal of Production Economics},
number = {July},
pages = {404--413},
publisher = {Elsevier B.V.},
title = {{Electric vehicle routing problem with recharging stations for minimizing energy consumption}},
volume = {203},
year = {2018}
}


@article{Fan2009,
author = {Fan, Wenhui and Xu, Huayu and Xu, Xin},
journal = {COMPEL - The International Journal for Computation and Mathematics in Electrical and Electronic Engineering},
number = {6},
pages = {1516--1531},
title = {{Simulation on vehicle routing problems in logistics distribution}},
volume = {28},
year = {2009}
}

